<?xml version="1.0" encoding="UTF-8"?><record xmlns="http://www.loc.gov/MARC21/slim" xmlns:cinclude="http://apache.org/cocoon/include/1.0" xmlns:zs="http://www.loc.gov/zing/srw/">
  <leader>00555nz  a2200157n  4500</leader>
  <controlfield tag="001">no2012021745</controlfield>
  <controlfield tag="003">DLC</controlfield>
  <controlfield tag="005">20120216075133.0</controlfield>
  <controlfield tag="008">120214n| acannaabn          |b aaa     c</controlfield>
  <datafield tag="010" ind1=" " ind2=" ">
    <subfield code="a">no2012021745</subfield>
  </datafield>
  <datafield tag="035" ind1=" " ind2=" ">
    <subfield code="a">(OCoLC)oca09115562</subfield>
  </datafield>
  <datafield tag="040" ind1=" " ind2=" ">
    <subfield code="a">PPiU</subfield>
    <subfield code="b">eng</subfield>
    <subfield code="c">PPiU</subfield>
  </datafield>
  <datafield tag="100" ind1="1" ind2=" ">
    <subfield code="a">Kong, Jianxun,</subfield>
    <subfield code="d">1970-</subfield>
  </datafield>
  <datafield tag="400" ind1="1" ind2=" ">
    <subfield code="a">孔建勋,</subfield>
    <subfield code="d">1970-</subfield>
  </datafield>
  <datafield tag="667" ind1=" " ind2=" ">
    <subfield code="a">Non-Latin script references not evoluated.</subfield>
  </datafield>
  <datafield tag="670" ind1=" " ind2=" ">
    <subfield code="a">Duo min zu guo jia de min zu zheng ce yu zu qun tai du, 2010:</subfield>
    <subfield code="b">t.p. (孔建勋 = Kong Jianxun) cover flap (male; b. 1970; native of Yuanyang Xian of Yunnan Prov.)</subfield>
  </datafield>
</record>